<record><leader>00000cas a22000007a 4500</leader><controlfield tag="001">15742275</controlfield><controlfield tag="008">870528c19719999inuwr ne      0   a0eng d</controlfield><datafield ind1=" " ind2=" " tag="010"><subfield code="a">sn 87056230 </subfield></datafield><datafield ind1=" " ind2=" " tag="040"><subfield code="a">NPI</subfield><subfield code="b">eng</subfield><subfield code="c">NPI</subfield><subfield code="d">NSD</subfield><subfield code="d">OCLCQ</subfield></datafield><datafield ind1=" " ind2=" " tag="012"><subfield code="m">1</subfield></datafield><datafield ind1="1" ind2=" " tag="022"><subfield code="a">1042-5225</subfield><subfield code="l">1042-5225</subfield><subfield code="2">1</subfield></datafield><datafield ind1="1" ind2=" " tag="029"><subfield code="a">AU@</subfield><subfield code="b">000025827499</subfield></datafield><datafield ind1=" " ind2=" " tag="032"><subfield code="a">061860</subfield><subfield code="b">USPS</subfield></datafield><datafield ind1=" " ind2=" " tag="037"><subfield code="b">Bourbon News-Mirror, 202 N. Main St., Bourbon, IN 46504</subfield></datafield><datafield ind1=" " ind2=" " tag="042"><subfield code="a">msc</subfield><subfield code="a">nsdp</subfield></datafield><datafield ind1="0" ind2=" " tag="130"><subfield code="a">Bourbon news-mirror (Bourbon, Ind. : 1971)</subfield></datafield><datafield ind1=" " ind2="0" tag="222"><subfield code="a">Bourbon news-mirror</subfield><subfield code="b">(1971)</subfield></datafield><datafield ind1="0" ind2="0" tag="245"><subfield code="a">Bourbon news-mirror.</subfield></datafield><datafield ind1="1" ind2="0" tag="246"><subfield code="a">Bourbon news mirror</subfield></datafield><datafield ind1=" " ind2=" " tag="260"><subfield code="a">Bourbon, Ind. :</subfield><subfield code="b">Artley D. Cullum, Thomas W. Harman,</subfield><subfield code="c">1971-</subfield></datafield><datafield ind1=" " ind2=" " tag="300"><subfield code="a">v.</subfield></datafield><datafield ind1=" " ind2=" " tag="310"><subfield code="a">Weekly</subfield></datafield><datafield ind1="0" ind2=" " tag="362"><subfield code="a">Vol. 101, no. 29 (July 22, 1971)-</subfield></datafield><datafield ind1=" " ind2=" " tag="752"><subfield code="a">United States</subfield><subfield code="b">Indiana</subfield><subfield code="c">Marshall</subfield><subfield code="d">Bourbon.</subfield></datafield><datafield ind1="0" ind2="0" tag="780"><subfield code="t">News-mirror (Bourbon, Ind. : 1947)</subfield><subfield code="w">(DLC)sn 87056229</subfield></datafield><datafield ind1=" " ind2=" " tag="936"><subfield code="a">Vol. 118, no. 52 (Thursday, Dec. 29, 1988) LIC</subfield></datafield></record>